@online{101,
  author       = {{101 Great Goals}},
  title        = {101 Great Goals},
  howpublished = {\url{https://www.101greatgoals.com/}},
  note         = {Accessed: October 2023},
}

@online{442,
  author       = {{FourFourTwo}},
  title        = {FourFourTwo},
  howpublished = {\url{https://www.fourfourtwo.com/}},
  note         = {Accessed: October 2023},
}

@online{aiscore,
  author       = {{AiScore}},
  title        = {AiScore},
  howpublished = {\url{https://www.aiscore.com/}},
  note         = {Accessed: October 2023},
}

@online{athletic,
  author       = {{The Athletic}},
  title        = {The Athletic},
  howpublished = {\url{https://theathletic.com/}},
  note         = {Accessed: October 2023},
}

@online{bayern,
  author       = {{FC Bayern Munich}},
  title        = {FC Bayern Munich},
  howpublished = {\url{https://fcbayern.com/}},
  note         = {Accessed: October 2023},
}

@online{bundesliga,
  author       = {{Bundesliga}},
  title        = {Bundesliga},
  howpublished = {\url{https://www.bundesliga.com/}},
  note         = {Accessed: October 2023},
}

@online{copa90,
  author       = {{COPA90}},
  title        = {COPA90},
  howpublished = {\url{https://www.copa90.com/}},
  note         = {Accessed: October 2023},
}

@online{fcb,
  author       = {{FC Barcelona}},
  title        = {FC Barcelona},
  howpublished = {\url{https://www.fcbarcelona.com/}},
  note         = {Accessed: October 2023},
}

@online{fm,
  author       = {{Football Manager}},
  title        = {Football Manager},
  howpublished = {\url{https://www.footballmanager.com/}},
  note         = {Accessed: October 2023},
}

@online{footballitalia,
  author       = {{Football Italia}},
  title        = {Football Italia},
  howpublished = {\url{https://football-italia.net/}},
  note         = {Accessed: October 2023},
}

@online{footballparadise,
  author       = {{Football Paradise}},
  title        = {Football Paradise},
  howpublished = {\url{https://footballparadise.com/}},
  note         = {Accessed: October 2023},
}

@online{goal,
  author       = {{Goal.com}},
  title        = {Goal.com},
  howpublished = {\url{https://www.goal.com/}},
  note         = {Accessed: October 2023},
}

@online{jerseywatch,
  author       = {{Jersey Watch}},
  title        = {Jersey Watch},
  howpublished = {\url{https://www.jerseywatch.com/}},
  note         = {Accessed: October 2023},
}

@online{laliga,
  author       = {{La Liga}},
  title        = {La Liga},
  howpublished = {\url{https://www.laliga.com/}},
  note         = {Accessed: October 2023},
}

@online{livescore,
  author       = {{LiveScore}},
  title        = {LiveScore},
  howpublished = {\url{https://www.livescore.com/}},
  note         = {Accessed: October 2023},
}

@online{manutd,
  author       = {{Manchester United}},
  title        = {Manchester United},
  howpublished = {\url{https://www.manutd.com/}},
  note         = {Accessed: October 2023},
}

@online{mls,
  author       = {{Major League Soccer}},
  title        = {Major League Soccer (MLS)},
  howpublished = {\url{https://www.mlssoccer.com/}},
  note         = {Accessed: October 2023},
}

@online{onefootball,
  author       = {{OneFootball}},
  title        = {OneFootball},
  howpublished = {\url{https://onefootball.com/}},
  note         = {Accessed: October 2023},
}

@online{premier,
  author       = {{Premier League}},
  title        = {Premier League},
  howpublished = {\url{https://www.premierleague.com/}},
  note         = {Accessed: October 2023},
}

@online{soccernews,
  author       = {{SoccerNews}},
  title        = {SoccerNews},
  howpublished = {\url{https://www.soccernews.com/}},
  note         = {Accessed: October 2023},
}

@online{soccerway,
  author       = {{Soccerway}},
  title        = {Soccerway},
  howpublished = {\url{https://www.soccerway.com/}},
  note         = {Accessed: October 2023},
}

@online{squawka,
  author       = {{Squawka}},
  title        = {Squawka},
  howpublished = {\url{https://www.squawka.com/}},
  note         = {Accessed: October 2023},
}

@online{transfermarkt,
  author       = {{Transfermarkt}},
  title        = {Transfermarkt},
  howpublished = {\url{https://www.transfermarkt.com/}},
  note         = {Accessed: October 2023},
}

@online{uefa,
  author       = {{UEFA}},
  title        = {UEFA},
  howpublished = {\url{https://www.uefa.com/}},
  note         = {Accessed: October 2023},
}

@online{whoscored,
  author       = {{WhoScored}},
  title        = {WhoScored},
  howpublished = {\url{https://www.whoscored.com/}},
  note         = {Accessed: October 2023},
}

@online{worldsoccertalk,
  author       = {{World Soccer Talk}},
  title        = {World Soccer Talk},
  howpublished = {\url{https://worldsoccertalk.com/}},
  note         = {Accessed: October 2023},
}

@online{f365,
  author       = {{Football365}},
  title        = {Football365},
  howpublished = {\url{https://www.football365.com/}},
  note         = {Accessed: October 2023},
}

@online{anfieldwrap,
  author       = {{The Anfield Wrap}},
  title        = {The Anfield Wrap},
  howpublished = {\url{https://www.theanfieldwrap.com/}},
  note         = {Accessed: October 2023},
}

@online{flashscore,
  author       = {{FlashScore}},
  title        = {FlashScore},
  howpublished = {\url{https://www.flashscore.com/}},
  note         = {Accessed: October 2023},
}